

@ARTICLE{Abolfathi:2017,
   author = {{Abolfathi}, B. and {Aguado}, D.~S. and {Aguilar}, G. and {Allende Prieto}, C. and 
  {Almeida}, A. and {Tasnim Ananna}, T. and {Anders}, F. and {Anderson}, S.~F. and 
  {Andrews}, B.~H. and {Anguiano}, B. and et al.},
    title = "{The Fourteenth Data Release of the Sloan Digital Sky Survey: First Spectroscopic Data from the extended Baryon Oscillation Spectroscopic Survey and from the second phase of the Apache Point Observatory Galactic Evolution Experiment}",
  journal = {ArXiv e-prints},
archivePrefix = "arXiv",
   eprint = {1707.09322},
 keywords = {Astrophysics - Astrophysics of Galaxies, Astrophysics - Instrumentation and Methods for Astrophysics},
     year = 2017,
    month = jul,
   adsurl = {http://adsabs.harvard.edu/abs/2017arXiv170709322A},
  adsnote = {Provided by the SAO/NASA Astrophysics Data System}
}

@ARTICLE{Allende-Prieto:2006,
   author = {{Allende Prieto}, C. and {Beers}, T.~C. and {Wilhelm}, R. and 
  {Newberg}, H.~J. and {Rockosi}, C.~M. and {Yanny}, B. and {Lee}, Y.~S.
  },
    title = "{A Spectroscopic Study of the Ancient Milky Way: F- and G-Type Stars in the Third Data Release of the Sloan Digital Sky Survey}",
  journal = {\apj},
   eprint = {astro-ph/0509812},
 keywords = {Galaxy: Stellar Content, Galaxy: Structure, Stars: Abundances, Stars: Fundamental Parameters},
     year = 2006,
    month = jan,
   volume = 636,
    pages = {804-820},
      doi = {10.1086/498131},
   adsurl = {http://adsabs.harvard.edu/abs/2006ApJ...636..804A},
  adsnote = {Provided by the SAO/NASA Astrophysics Data System}
}

@INPROCEEDINGS{Allard:2011,
   author = {{Allard}, F. and {Homeier}, D. and {Freytag}, B.},
    title = "{Model Atmospheres From Very Low Mass Stars to Brown Dwarfs}",
booktitle = {16th Cambridge Workshop on Cool Stars, Stellar Systems, and the Sun},
     year = 2011,
   series = {Astronomical Society of the Pacific Conference Series},
   volume = 448,
archivePrefix = "arXiv",
   eprint = {1011.5405},
 primaryClass = "astro-ph.SR",
   editor = {{Johns-Krull}, C. and {Browning}, M.~K. and {West}, A.~A.},
    month = dec,
    pages = {91},
   adsurl = {http://adsabs.harvard.edu/abs/2011ASPC..448...91A},
  adsnote = {Provided by the SAO/NASA Astrophysics Data System}
}

@ARTICLE{Allard:2013,
   author = {{Allard}, F. and {Homeier}, D. and {Freytag}, B. and {Schaffenberger} and 
  {}, W. and {Rajpurohit}, A.~S.},
    title = "{Progress in modeling very low mass stars, brown dwarfs, and planetary mass objects.}",
  journal = {Memorie della Societa Astronomica Italiana Supplementi},
archivePrefix = "arXiv",
   eprint = {1302.6559},
 primaryClass = "astro-ph.SR",
 keywords = {Stars: atmospheres, M dwarfs, Brown Dwarfs, Extrasolar Planets},
     year = 2013,
   volume = 24,
    pages = {128},
   adsurl = {http://adsabs.harvard.edu/abs/2013MSAIS..24..128A},
  adsnote = {Provided by the SAO/NASA Astrophysics Data System}
}

@ARTICLE{Blake:2010,
   author = {{Blake}, C.~H. and {Charbonneau}, D. and {White}, R.~J.},
    title = "{The NIRSPEC Ultracool Dwarf Radial Velocity Survey}",
  journal = {\apj},
archivePrefix = "arXiv",
   eprint = {1008.3874},
 primaryClass = "astro-ph.SR",
 keywords = {brown dwarfs, stars: low-mass, techniques: radial velocities},
     year = 2010,
    month = nov,
   volume = 723,
    pages = {684-706},
      doi = {10.1088/0004-637X/723/1/684},
   adsurl = {http://adsabs.harvard.edu/abs/2010ApJ...723..684B},
  adsnote = {Provided by the SAO/NASA Astrophysics Data System}
}

@ARTICLE{Bochanski:2007,
   author = {{Bochanski}, J.~J. and {Munn}, J.~A. and {Hawley}, S.~L. and 
  {West}, A.~A. and {Covey}, K.~R. and {Schneider}, D.~P.},
    title = "{Exploring the Local Milky Way: M Dwarfs as Tracers of Galactic Populations}",
  journal = {\aj},
archivePrefix = "arXiv",
   eprint = {0708.0044},
 keywords = {Galaxy: kinematics and dynamics, Galaxy: structure, stars: fundamental parameters, stars: low-mass, brown dwarfs},
     year = 2007,
    month = dec,
   volume = 134,
    pages = {2418-2429},
      doi = {h10.1086/522053},
   adsurl = {http://adsabs.harvard.edu/abs/2007AJ....134.2418B},
  adsnote = {Provided by the SAO/NASA Astrophysics Data System}
}

@ARTICLE{Bochanski:2010,
   author = {{Bochanski}, J.~J. and {Hawley}, S.~L. and {Covey}, K.~R. and 
  {West}, A.~A. and {Reid}, I.~N. and {Golimowski}, D.~A. and 
  {Ivezi{\'c}}, {\v Z}.},
    title = "{The Luminosity and Mass Functions of Low-mass Stars in the Galactic Disk. II. The Field}",
  journal = {\aj},
archivePrefix = "arXiv",
   eprint = {1004.4002},
 primaryClass = "astro-ph.SR",
 keywords = {brown dwarfs, Galaxy: stellar content, Galaxy: structure, stars: fundamental parameters, stars: late-type, stars: low-mass, stars: luminosity function, mass function},
     year = 2010,
    month = jun,
   volume = 139,
      eid = {2679-2699},
    pages = {2679-2699},
      doi = {10.1088/0004-6256/139/6/2679},
   adsurl = {http://adsabs.harvard.edu/abs/2010AJ....139.2679B},
  adsnote = {Provided by the SAO/NASA Astrophysics Data System}
}

@ARTICLE{Casagrande:2008,
   author = {{Casagrande}, L. and {Flynn}, C. and {Bessell}, M.},
    title = "{M dwarfs: effective temperatures, radii and metallicities}",
  journal = {\mnras},
archivePrefix = "arXiv",
   eprint = {0806.2471},
     year = 2008,
    month = sep,
   volume = 389,
    pages = {585-607},
      doi = {10.1111/j.1365-2966.2008.13573.x},
   adsurl = {http://adsabs.harvard.edu/abs/2008MNRAS.389..585C},
  adsnote = {Provided by the SAO/NASA Astrophysics Data System}
}

@ARTICLE{Casey:2016,
   author = {{Casey}, A.~R. and {Hogg}, D.~W. and {Ness}, M. and {Rix}, H.-W. and 
  {Ho}, A.~Q. and {Gilmore}, G.},
    title = "{The Cannon 2: A data-driven model of stellar spectra for detailed chemical abundance analyses}",
  journal = {ArXiv e-prints},
archivePrefix = "arXiv",
   eprint = {1603.03040},
 primaryClass = "astro-ph.SR",
 keywords = {Astrophysics - Solar and Stellar Astrophysics},
     year = 2016,
    month = mar,
   adsurl = {http://adsabs.harvard.edu/abs/2016arXiv160303040C},
  adsnote = {Provided by the SAO/NASA Astrophysics Data System}
}

@ARTICLE{Castelli:2004,
   author = {{Castelli}, F. and {Kurucz}, R.~L.},
    title = "{New Grids of ATLAS9 Model Atmospheres}",
  journal = {ArXiv Astrophysics e-prints},
   eprint = {astro-ph/0405087},
 keywords = {Astrophysics},
     year = 2004,
    month = may,
   adsurl = {http://adsabs.harvard.edu/abs/2004astro.ph..5087C},
  adsnote = {Provided by the SAO/NASA Astrophysics Data System}
}

@ARTICLE{Covey:2007,
   author = {{Covey}, K.~R. and {Ivezi{\'c}}, {\v Z}. and {Schlegel}, D. and 
  {Finkbeiner}, D. and {Padmanabhan}, N. and {Lupton}, R.~H. and 
  {Ag{\"u}eros}, M.~A. and {Bochanski}, J.~J. and {Hawley}, S.~L. and 
  {West}, A.~A. and {Seth}, A. and {Kimball}, A. and {Gogarten}, S.~M. and 
  {Claire}, M. and {Haggard}, D. and {Kaib}, N. and {Schneider}, D.~P. and 
  {Sesar}, B.},
    title = "{Stellar SEDs from 0.3 to 2.5 {$\mu$}m: Tracing the Stellar Locus and Searching for Color Outliers in the SDSS and 2MASS}",
  journal = {\aj},
archivePrefix = "arXiv",
   eprint = {0707.4473},
 keywords = {Galaxy: stellar content, infrared: stars, stars: early-type, stars: late-type, surveys},
     year = 2007,
    month = dec,
   volume = 134,
    pages = {2398-2417},
      doi = {10.1086/522052},
   adsurl = {http://adsabs.harvard.edu/abs/2007AJ....134.2398C},
  adsnote = {Provided by the SAO/NASA Astrophysics Data System}
}

@ARTICLE{Deacon:2014,
   author = {{Deacon}, N.~R. and {Liu}, M.~C. and {Magnier}, E.~A. and {Aller}, K.~M. and 
  {Best}, W.~M.~J. and {Dupuy}, T. and {Bowler}, B.~P. and {Mann}, A.~W. and 
  {Redstone}, J.~A. and {Burgett}, W.~S. and {Chambers}, K.~C. and 
  {Draper}, P.~W. and {Flewelling}, H. and {Hodapp}, K.~W. and 
  {Kaiser}, N. and {Kudritzki}, R.-P. and {Morgan}, J.~S. and 
  {Metcalfe}, N. and {Price}, P.~A. and {Tonry}, J.~L. and {Wainscoat}, R.~J.
  },
    title = "{Wide Cool and Ultracool Companions to Nearby Stars from Pan-STARRS 1}",
  journal = {\apj},
archivePrefix = "arXiv",
   eprint = {1407.2938},
 primaryClass = "astro-ph.SR",
 keywords = {binaries: general, brown dwarfs, stars: low-mass, surveys},
     year = 2014,
    month = sep,
   volume = 792,
      eid = {119},
    pages = {119},
      doi = {10.1088/0004-637X/792/2/119},
   adsurl = {http://adsabs.harvard.edu/abs/2014ApJ...792..119D},
  adsnote = {Provided by the SAO/NASA Astrophysics Data System}
}

@ARTICLE{Desphande:2013,
   author = {{Deshpande}, R. and {Blake}, C.~H. and {Bender}, C.~F. and {Mahadevan}, S. and 
  {Terrien}, R.~C. and {Carlberg}, J.~K. and {Zasowski}, G. and 
  {Crepp}, J. and {Rajpurohit}, A.~S. and {Reyl{\'e}}, C. and 
  {Nidever}, D.~L. and {Schneider}, D.~P. and {Allende Prieto}, C. and 
  {Bizyaev}, D. and {Ebelke}, G. and {Fleming}, S.~W. and {Frinchaboy}, P.~M. and 
  {Ge}, J. and {Hearty}, F. and {Hern{\'a}ndez}, J. and {Malanushenko}, E. and 
  {Malanushenko}, V. and {Majewski}, S.~R. and {Marchwinski}, R. and 
  {Muna}, D. and {Oravetz}, D. and {Pan}, K. and {Schiavon}, R.~P. and 
  {Shetrone}, M. and {Simmons}, A. and {Stassun}, K.~G. and {Wilson}, J.~C. and 
  {Wisniewski}, J.~P.},
    title = "{The SDSS-III APOGEE Radial Velocity Survey of M Dwarfs. I. Description of the Survey and Science Goals}",
  journal = {\aj},
archivePrefix = "arXiv",
   eprint = {1307.8121},
 primaryClass = "astro-ph.SR",
 keywords = {binaries: spectroscopic, instrumentation: spectrographs, methods: observational, stars: fundamental parameters, stars: low-mass, techniques: radial velocities},
     year = 2013,
    month = dec,
   volume = 146,
      eid = {156},
    pages = {156},
      doi = {10.1088/0004-6256/146/6/156},
   adsurl = {http://adsabs.harvard.edu/abs/2013AJ....146..156D},
  adsnote = {Provided by the SAO/NASA Astrophysics Data System}
}

@ARTICLE{Gillon:2017,
   author = {{Gillon}, M. and {Triaud}, A.~H.~M.~J. and {Demory}, B.-O. and 
  {Jehin}, E. and {Agol}, E. and {Deck}, K.~M. and {Lederer}, S.~M. and 
  {de Wit}, J. and {Burdanov}, A. and {Ingalls}, J.~G. and {Bolmont}, E. and 
  {Leconte}, J. and {Raymond}, S.~N. and {Selsis}, F. and {Turbet}, M. and 
  {Barkaoui}, K. and {Burgasser}, A. and {Burleigh}, M.~R. and 
  {Carey}, S.~J. and {Chaushev}, A. and {Copperwheat}, C.~M. and 
  {Delrez}, L. and {Fernandes}, C.~S. and {Holdsworth}, D.~L. and 
  {Kotze}, E.~J. and {Van Grootel}, V. and {Almleaky}, Y. and 
  {Benkhaldoun}, Z. and {Magain}, P. and {Queloz}, D.},
    title = "{Seven temperate terrestrial planets around the nearby ultracool dwarf star TRAPPIST-1}",
  journal = {\nat},
archivePrefix = "arXiv",
   eprint = {1703.01424},
 primaryClass = "astro-ph.EP",
     year = 2017,
    month = feb,
   volume = 542,
    pages = {456-460},
      doi = {10.1038/nature21360},
   adsurl = {http://adsabs.harvard.edu/abs/2017Natur.542..456G},
  adsnote = {Provided by the SAO/NASA Astrophysics Data System}
}

@ARTICLE{Gustafsson:2008,
   author = {{Gustafsson}, B. and {Edvardsson}, B. and {Eriksson}, K. and 
  {J{\o}rgensen}, U.~G. and {Nordlund}, {\AA}. and {Plez}, B.},
    title = "{A grid of MARCS model atmospheres for late-type stars. I. Methods and general properties}",
  journal = {\aap},
archivePrefix = "arXiv",
   eprint = {0805.0554},
 keywords = {stars: atmospheres, Sun: abundances, stars: fundamental parameters, stars: general, stars: late-type, stars: supergiants},
     year = 2008,
    month = aug,
   volume = 486,
    pages = {951-970},
      doi = {10.1051/0004-6361:200809724},
   adsurl = {http://adsabs.harvard.edu/abs/2008A%26A...486..951G},
  adsnote = {Provided by the SAO/NASA Astrophysics Data System}
}

@ARTICLE{Ho:2017a,
   author = {{Ho}, A.~Y.~Q. and {Ness}, M.~K. and {Hogg}, D.~W. and {Rix}, H.-W. and 
  {Liu}, C. and {Yang}, F. and {Zhang}, Y. and {Hou}, Y. and {Wang}, Y.
  },
    title = "{Label Transfer from APOGEE to LAMOST: Precise Stellar Parameters for 450,000 LAMOST Giants}",
  journal = {\apj},
archivePrefix = "arXiv",
   eprint = {1602.00303},
 primaryClass = "astro-ph.SR",
 keywords = {catalogs, methods: data analysis, methods: statistical, stars: abundances, stars: fundamental parameters, techniques: spectroscopic},
     year = 2017,
    month = feb,
   volume = 836,
      eid = {5},
    pages = {5},
      doi = {10.3847/1538-4357/836/1/5},
   adsurl = {http://adsabs.harvard.edu/abs/2017ApJ...836....5H},
  adsnote = {Provided by the SAO/NASA Astrophysics Data System}
}

@ARTICLE{Ho:2017b,
   author = {{Ho}, A.~Y.~Q. and {Rix}, H.-W. and {Ness}, M.~K. and {Hogg}, D.~W. and 
  {Liu}, C. and {Ting}, Y.-S.},
    title = "{Masses and Ages for 230,000 LAMOST Giants, via Their Carbon and Nitrogen Abundances}",
  journal = {\apj},
archivePrefix = "arXiv",
   eprint = {1609.03195},
 primaryClass = "astro-ph.SR",
 keywords = {methods: data analysis, methods: statistical, stars: abundances, stars: fundamental parameters, surveys, techniques: spectroscopic},
     year = 2017,
    month = may,
   volume = 841,
      eid = {40},
    pages = {40},
      doi = {10.3847/1538-4357/aa6db3},
   adsurl = {http://adsabs.harvard.edu/abs/2017ApJ...841...40H},
  adsnote = {Provided by the SAO/NASA Astrophysics Data System}
}

@ARTICLE{Husser:2013,
   author = {{Husser}, T.-O. and {Wende-von Berg}, S. and {Dreizler}, S. and 
  {Homeier}, D. and {Reiners}, A. and {Barman}, T. and {Hauschildt}, P.~H.
  },
    title = "{A new extensive library of PHOENIX stellar atmospheres and synthetic spectra}",
  journal = {\aap},
archivePrefix = "arXiv",
   eprint = {1303.5632},
 primaryClass = "astro-ph.SR",
 keywords = {stars: atmospheres, convection, stars: late-type},
     year = 2013,
    month = may,
   volume = 553,
      eid = {A6},
    pages = {A6},
      doi = {10.1051/0004-6361/201219058},
   adsurl = {http://adsabs.harvard.edu/abs/2013A%26A...553A...6H},
  adsnote = {Provided by the SAO/NASA Astrophysics Data System}
}

@ARTICLE{Laughlin:1997,
   author = {{Laughlin}, G. and {Bodenheimer}, P. and {Adams}, F.~C.},
    title = "{The End of the Main Sequence}",
  journal = {\apj},
 keywords = {Stars: Evolution, Stars: Interiors, Stars: Late-Type, Stars: Low-Mass, Brown Dwarfs},
     year = 1997,
    month = jun,
   volume = 482,
    pages = {420-432},
      doi = {10.1086/304125},
   adsurl = {http://adsabs.harvard.edu/abs/1997ApJ...482..420L},
  adsnote = {Provided by the SAO/NASA Astrophysics Data System}
}

@ARTICLE{Majewski:2015,
   author = {{Majewski}, S.~R. and {Schiavon}, R.~P. and {Frinchaboy}, P.~M. and 
  {Allende Prieto}, C. and {Barkhouser}, R. and {Bizyaev}, D. and 
  {Blank}, B. and {Brunner}, S. and {Burton}, A. and {Carrera}, R. and 
  {Chojnowski}, S.~D. and {Cunha}, K. and {Epstein}, C. and {Fitzgerald}, G. and 
  {Garc{\'{\i}}a P{\'e}rez}, A.~E. and {Hearty}, F.~R. and {Henderson}, C. and 
  {Holtzman}, J.~A. and {Johnson}, J.~A. and {Lam}, C.~R. and 
  {Lawler}, J.~E. and {Maseman}, P. and {M{\'e}sz{\'a}ros}, S. and 
  {Nelson}, M. and {Nguyen}, D.~C. and {Nidever}, D.~L. and {Pinsonneault}, M. and 
  {Shetrone}, M. and {Smee}, S. and {Smith}, V.~V. and {Stolberg}, T. and 
  {Skrutskie}, M.~F. and {Walker}, E. and {Wilson}, J.~C. and 
  {Zasowski}, G. and {Anders}, F. and {Basu}, S. and {Beland}, S. and 
  {Blanton}, M.~R. and {Bovy}, J. and {Brownstein}, J.~R. and 
  {Carlberg}, J. and {Chaplin}, W. and {Chiappini}, C. and {Eisenstein}, D.~J. and 
  {Elsworth}, Y. and {Feuillet}, D. and {Fleming}, S.~W. and {Galbraith-Frew}, J. and 
  {Garc{\'{\i}}a}, R.~A. and {Garc{\'{\i}}a-Hern{\'a}ndez}, D.~A. and 
  {Gillespie}, B.~A. and {Girardi}, L. and {Gunn}, J.~E. and {Hasselquist}, S. and 
  {Hayden}, M.~R. and {Hekker}, S. and {Ivans}, I. and {Kinemuchi}, K. and 
  {Klaene}, M. and {Mahadevan}, S. and {Mathur}, S. and {Mosser}, B. and 
  {Muna}, D. and {Munn}, J.~A. and {Nichol}, R.~C. and {O'Connell}, R.~W. and 
  {Parejko}, J.~K. and {Robin}, A.~C. and {Rocha-Pinto}, H. and 
  {Schultheis}, M. and {Serenelli}, A.~M. and {Shane}, N. and 
  {Silva Aguirre}, V. and {Sobeck}, J.~S. and {Thompson}, B. and 
  {Troup}, N.~W. and {Weinberg}, D.~H. and {Zamora}, O.},
    title = "{The Apache Point Observatory Galactic Evolution Experiment (APOGEE)}",
  journal = {\aj},
archivePrefix = "arXiv",
   eprint = {1509.05420},
 primaryClass = "astro-ph.IM",
 keywords = {Galaxy: abundances, Galaxy: evolution, Galaxy: formation, Galaxy: kinematics and dynamics, Galaxy: stellar content, Galaxy: structure},
     year = 2015,
    month = sep,
   volume = 154,
      eid = {94},
    pages = {94},
      doi = {10.3847/1538-3881/aa784d},
   adsurl = {http://adsabs.harvard.edu/abs/2017AJ....154...94M},
  adsnote = {Provided by the SAO/NASA Astrophysics Data System}
}

@ARTICLE{Mann:2015,
   author = {{Mann}, A.~W. and {Feiden}, G.~A. and {Gaidos}, E. and {Boyajian}, T. and 
  {von Braun}, K.},
    title = "{How to Constrain Your M Dwarf: Measuring Effective Temperature, Bolometric Luminosity, Mass, and Radius}",
  journal = {\apj},
archivePrefix = "arXiv",
   eprint = {1501.01635},
 primaryClass = "astro-ph.SR",
 keywords = {planetary systems, stars: abundances, stars: fundamental parameters, stars: late-type, stars: low-mass, stars: statistics},
     year = 2015,
    month = may,
   volume = 804,
      eid = {64},
    pages = {64},
      doi = {10.1088/0004-637X/804/1/64},
   adsurl = {http://adsabs.harvard.edu/abs/2015ApJ...804...64M},
  adsnote = {Provided by the SAO/NASA Astrophysics Data System}
}

@ARTICLE{Meszaros:2012,
   author = {{M{\'e}sz{\'a}ros}, S. and {Allende Prieto}, C. and {Edvardsson}, B. and 
  {Castelli}, F. and {Garc{\'{\i}}a P{\'e}rez}, A.~E. and {Gustafsson}, B. and 
  {Majewski}, S.~R. and {Plez}, B. and {Schiavon}, R. and {Shetrone}, M. and 
  {de Vicente}, A.},
    title = "{New ATLAS9 and MARCS Model Atmosphere Grids for the Apache Point Observatory Galactic Evolution Experiment (APOGEE)}",
  journal = {\aj},
archivePrefix = "arXiv",
   eprint = {1208.1916},
 primaryClass = "astro-ph.SR",
 keywords = {astrochemistry, radiative transfer, stars: atmospheres, surveys},
     year = 2012,
    month = oct,
   volume = 144,
      eid = {120},
    pages = {120},
      doi = {10.1088/0004-6256/144/4/120},
   adsurl = {http://adsabs.harvard.edu/abs/2012AJ....144..120M},
  adsnote = {Provided by the SAO/NASA Astrophysics Data System}
}

@ARTICLE{Ness:2015,
   author = {{Ness}, M. and {Hogg}, D.~W. and {Rix}, H.-W. and {Ho}, A.~Y.~Q. and 
  {Zasowski}, G.},
    title = "{The Cannon: A data-driven approach to Stellar Label Determination}",
  journal = {\apj},
archivePrefix = "arXiv",
   eprint = {1501.07604},
 primaryClass = "astro-ph.SR",
 keywords = {methods: data analysis, methods: statistical, stars: abundances, stars: fundamental parameters, surveys, techniques: spectroscopic},
     year = 2015,
    month = jul,
   volume = 808,
      eid = {16},
    pages = {16},
      doi = {10.1088/0004-637X/808/1/16},
   adsurl = {http://adsabs.harvard.edu/abs/2015ApJ...808...16N},
  adsnote = {Provided by the SAO/NASA Astrophysics Data System}
}

@ARTICLE{Perez:2016,
   author = {{Garc{\'{\i}}a P{\'e}rez}, A.~E. and {Allende Prieto}, C. and 
  {Holtzman}, J.~A. and {Shetrone}, M. and {M{\'e}sz{\'a}ros}, S. and 
  {Bizyaev}, D. and {Carrera}, R. and {Cunha}, K. and {Garc{\'{\i}}a-Hern{\'a}ndez}, D.~A. and 
  {Johnson}, J.~A. and {Majewski}, S.~R. and {Nidever}, D.~L. and 
  {Schiavon}, R.~P. and {Shane}, N. and {Smith}, V.~V. and {Sobeck}, J. and 
  {Troup}, N. and {Zamora}, O. and {Weinberg}, D.~H. and {Bovy}, J. and 
  {Eisenstein}, D.~J. and {Feuillet}, D. and {Frinchaboy}, P.~M. and 
  {Hayden}, M.~R. and {Hearty}, F.~R. and {Nguyen}, D.~C. and 
  {O'Connell}, R.~W. and {Pinsonneault}, M.~H. and {Wilson}, J.~C. and 
  {Zasowski}, G.},
    title = "{ASPCAP: The APOGEE Stellar Parameter and Chemical Abundances Pipeline}",
  journal = {\aj},
archivePrefix = "arXiv",
   eprint = {1510.07635},
 primaryClass = "astro-ph.SR",
 keywords = {Galaxy: center, Galaxy: structure, methods: data analysis, stars: abundances, stars: atmospheres},
     year = 2016,
    month = jun,
   volume = 151,
      eid = {144},
    pages = {144},
      doi = {10.3847/0004-6256/151/6/144},
   adsurl = {http://adsabs.harvard.edu/abs/2016AJ....151..144G},
  adsnote = {Provided by the SAO/NASA Astrophysics Data System}
}

@ARTICLE{Rajpurohit:2014,
   author = {{Rajpurohit}, A.~S. and {Reyl{\'e}}, C. and {Allard}, F. and 
  {Scholz}, R.-D. and {Homeier}, D. and {Schultheis}, M. and {Bayo}, A.
  },
    title = "{High-resolution spectroscopic atlas of M subdwarfs. Effective temperature and metallicity}",
  journal = {\aap},
archivePrefix = "arXiv",
   eprint = {1401.2901},
 primaryClass = "astro-ph.SR",
 keywords = {stars: atmospheres, stars: fundamental parameters, stars: low-mass, subdwarfs},
     year = 2014,
    month = apr,
   volume = 564,
      eid = {A90},
    pages = {A90},
      doi = {10.1051/0004-6361/201322881},
   adsurl = {http://adsabs.harvard.edu/abs/2014A%26A...564A..90R},
  adsnote = {Provided by the SAO/NASA Astrophysics Data System}
}

@ARTICLE{Rajpurohit:2018,
   author = {{Rajpurohit}, A.~S. and {Allard}, F. and {Teixeira}, G.~D.~C. and 
  {Homeier}, D. and {Rajpurohit}, S. and {Mousis}, O.},
    title = "{Photospheric properties and fundamental parameters of M dwarfs}",
  journal = {\aap},
archivePrefix = "arXiv",
   eprint = {1708.06211},
 primaryClass = "astro-ph.SR",
 keywords = {stars: atmospheres, stars: fundamental parameters, stars: low-mass, stars: late-type},
     year = 2018,
    month = feb,
   volume = 610,
      eid = {A19},
    pages = {A19},
      doi = {10.1051/0004-6361/201731507},
   adsurl = {http://adsabs.harvard.edu/abs/2018A%26A...610A..19R},
  adsnote = {Provided by the SAO/NASA Astrophysics Data System}
}

@ARTICLE{Rojas-Ayala:2012,
   author = {{Rojas-Ayala}, B. and {Covey}, K.~R. and {Muirhead}, P.~S. and 
  {Lloyd}, J.~P.},
    title = "{Metallicity and Temperature Indicators in M Dwarf K-band Spectra: Testing New and Updated Calibrations with Observations of 133 Solar Neighborhood M Dwarfs}",
  journal = {\apj},
archivePrefix = "arXiv",
   eprint = {1112.4567},
 primaryClass = "astro-ph.SR",
 keywords = {stars: abundances, stars: fundamental parameters, stars: late-type},
     year = 2012,
    month = apr,
   volume = 748,
      eid = {93},
    pages = {93},
      doi = {10.1088/0004-637X/748/2/93},
   adsurl = {http://adsabs.harvard.edu/abs/2012ApJ...748...93R},
  adsnote = {Provided by the SAO/NASA Astrophysics Data System}
}

@ARTICLE{Schmidt:2016,
   author = {{Schmidt}, S.~J. and {Wagoner}, E.~L. and {Johnson}, J.~A. and 
	{Davenport}, J.~R.~A. and {Stassun}, K.~G. and {Souto}, D. and 
	{Ge}, J.},
    title = "{Examining the relationships between colour, T$_{eff}$, and [M/H] for APOGEE K and M dwarfs}",
  journal = {\mnras},
archivePrefix = "arXiv",
   eprint = {1605.03732},
 primaryClass = "astro-ph.SR",
 keywords = {surveys, stars: abundances, stars: fundamental parameters, stars: late-type, stars: low-mass},
     year = 2016,
    month = aug,
   volume = 460,
    pages = {2611-2624},
      doi = {10.1093/mnras/stw1139},
   adsurl = {http://adsabs.harvard.edu/abs/2016MNRAS.460.2611S},
  adsnote = {Provided by the SAO/NASA Astrophysics Data System}
}

@ARTICLE{Souto:2017,
   author = {{Souto}, D. and {Cunha}, K. and {Garc{\'{\i}}a-Hern{\'a}ndez}, D.~A. and 
  {Zamora}, O. and {Allende Prieto}, C. and {Smith}, V.~V. and 
  {Mahadevan}, S. and {Blake}, C. and {Johnson}, J.~A. and {J{\"o}nsson}, H. and 
  {Pinsonneault}, M. and {Holtzman}, J. and {Majewski}, S.~R. and 
  {Shetrone}, M. and {Teske}, J. and {Nidever}, D. and {Schiavon}, R. and 
  {Sobeck}, J. and {Garc{\'{\i}}a P{\'e}rez}, A.~E. and {G{\'o}mez Maqueo Chew}, Y. and 
  {Stassun}, K.},
    title = "{Chemical Abundances of M-dwarfs from the APOGEE Survey. I. The Exoplanet Hosting Stars Kepler-138 and Kepler-186}",
  journal = {\apj},
archivePrefix = "arXiv",
   eprint = {1612.01598},
 primaryClass = "astro-ph.SR",
 keywords = {infrared: stars, planetary systems, planet{\ndash}star interactions, stars: abundances, stars: fundamental parameters, stars: low-mass},
     year = 2017,
    month = feb,
   volume = 835,
      eid = {239},
    pages = {239},
      doi = {10.3847/1538-4357/835/2/239},
   adsurl = {http://adsabs.harvard.edu/abs/2017ApJ...835..239S},
  adsnote = {Provided by the SAO/NASA Astrophysics Data System}
}

@ARTICLE{Trifonov:2018,
   author = {{Trifonov}, T. and {K{\"u}rster}, M. and {Zechmeister}, M. and 
  {Tal-Or}, L. and {Caballero}, J.~A. and {Quirrenbach}, A. and 
  {Amado}, P.~J. and {Ribas}, I. and {Reiners}, A. and {Reffert}, S. and 
  {Dreizler}, S. and {Hatzes}, A.~P. and {Kaminski}, A. and {Launhardt}, R. and 
  {Henning}, T. and {Montes}, D. and {B{\'e}jar}, V.~J.~S. and 
  {Mundt}, R. and {Pavlov}, A. and {Schmitt}, J.~H.~M.~M. and 
  {Seifert}, W. and {Morales}, J.~C. and {Nowak}, G. and {Jeffers}, S.~V. and 
  {Rodr{\'{\i}}guez-L{\'o}pez}, C. and {del Burgo}, C. and {Anglada-Escud{\'e}}, G. and 
  {L{\'o}pez-Santiago}, J. and {Mathar}, R.~J. and {Ammler-von Eiff}, M. and 
  {Guenther}, E.~W. and {Barrado}, D. and {Gonz{\'a}lez Hern{\'a}ndez}, J.~I. and 
  {Mancini}, L. and {St{\"u}rmer}, J. and {Abril}, M. and {Aceituno}, J. and 
  {Alonso-Floriano}, F.~J. and {Antona}, R. and {Anwand-Heerwart}, H. and 
  {Arroyo-Torres}, B. and {Azzaro}, M. and {Baroch}, D. and {Bauer}, F.~F. and 
  {Becerril}, S. and {Ben{\'{\i}}tez}, D. and {Berdi{\~n}as}, Z.~M. and 
  {Bergond}, G. and {Bl{\"u}mcke}, M. and {Brinkm{\"o}ller}, M. and 
  {Cano}, J. and {C{\'a}rdenas V{\'a}zquez}, M.~C. and {Casal}, E. and 
  {Cifuentes}, C. and {Claret}, A. and {Colom{\'e}}, J. and {Cort{\'e}s-Contreras}, M. and 
  {Czesla}, S. and {D{\'{\i}}ez-Alonso}, E. and {Feiz}, C. and 
  {Fern{\'a}ndez}, M. and {Ferro}, I.~M. and {Fuhrmeister}, B. and 
  {Galad{\'{\i}}-Enr{\'{\i}}quez}, D. and {Garcia-Piquer}, A. and 
  {Garc{\'{\i}}a Vargas}, M.~L. and {Gesa}, L. and {G{\'o}mez Galera}, V. and 
  {Gonz{\'a}lez-Peinado}, R. and {Gr{\"o}zinger}, U. and {Grohnert}, S. and 
  {Gu{\`a}rdia}, J. and {Guijarro}, A. and {de Guindos}, E. and 
  {Guti{\'e}rrez-Soto}, J. and {Hagen}, H.-J. and {Hauschildt}, P.~H. and 
  {Hedrosa}, R.~P. and {Helmling}, J. and {Hermelo}, I. and {Hern{\'a}ndez Arab{\'{\i}}}, R. and 
  {Hern{\'a}ndez Casta{\~n}o}, L. and {Hern{\'a}ndez Hernando}, F. and 
  {Herrero}, E. and {Huber}, A. and {Huke}, P. and {Johnson}, E. and 
  {de Juan}, E. and {Kim}, M. and {Klein}, R. and {Kl{\"u}ter}, J. and 
  {Klutsch}, A. and {Lafarga}, M. and {Lamp{\'o}n}, M. and {Lara}, L.~M. and 
  {Laun}, W. and {Lemke}, U. and {Lenzen}, R. and {L{\'o}pez del Fresno}, M. and 
  {L{\'o}pez-Gonz{\'a}lez}, M.~J. and {L{\'o}pez-Puertas}, M. and 
  {L{\'o}pez Salas}, J.~F. and {Luque}, R. and {Mag{\'a}n Madinabeitia}, H. and 
  {Mall}, U. and {Mandel}, H. and {Marfil}, E. and {Mar{\'{\i}}n Molina}, J.~A. and 
  {Maroto Fern{\'a}ndez}, D. and {Mart{\'{\i}}n}, E.~L. and {Mart{\'{\i}}n-Ruiz}, S. and 
  {Marvin}, C.~J. and {Mirabet}, E. and {Moya}, A. and {Moreno-Raya}, M.~E. and 
  {Nagel}, E. and {Naranjo}, V. and {Nortmann}, L. and {Ofir}, A. and 
  {Oreiro}, R. and {Pall{\'e}}, E. and {Panduro}, J. and {Pascual}, J. and 
  {Passegger}, V.~M. and {Pedraz}, S. and {P{\'e}rez-Calpena}, A. and 
  {P{\'e}rez Medialdea}, D. and {Perger}, M. and {Perryman}, M.~A.~C. and 
  {Pluto}, M. and {Rabaza}, O. and {Ram{\'o}n}, A. and {Rebolo}, R. and 
  {Redondo}, P. and {Reinhardt}, S. and {Rhode}, P. and {Rix}, H.-W. and 
  {Rodler}, F. and {Rodr{\'{\i}}guez}, E. and {Rodr{\'{\i}}guez Trinidad}, A. and 
  {Rohloff}, R.-R. and {Rosich}, A. and {Sadegi}, S. and {S{\'a}nchez-Blanco}, E. and 
  {S{\'a}nchez Carrasco}, M.~A. and {S{\'a}nchez-L{\'o}pez}, A. and 
  {Sanz-Forcada}, J. and {Sarkis}, P. and {Sarmiento}, L.~F. and 
  {Sch{\"a}fer}, S. and {Schiller}, J. and {Sch{\"o}fer}, P. and 
  {Schweitzer}, A. and {Solano}, E. and {Stahl}, O. and {Strachan}, J.~B.~P. and 
  {Su{\'a}rez}, J.~C. and {Tabernero}, H.~M. and {Tala}, M. and 
  {Tulloch}, S.~M. and {Veredas}, G. and {Vico Linares}, J.~I. and 
  {Vilardell}, F. and {Wagner}, K. and {Winkler}, J. and {Wolthoff}, V. and 
  {Xu}, W. and {Yan}, F. and {Zapatero Osorio}, M.~R.},
    title = "{The CARMENES search for exoplanets around M dwarfs . First visual-channel radial-velocity measurements and orbital parameter updates of seven M-dwarf planetary systems}",
  journal = {\aap},
archivePrefix = "arXiv",
   eprint = {1710.01595},
 primaryClass = "astro-ph.EP",
 keywords = {planetary systems, stars: late-type, stars: low-mass, planets and satellites: dynamical evolution and stability},
     year = 2018,
    month = feb,
   volume = 609,
      eid = {A117},
    pages = {A117},
      doi = {10.1051/0004-6361/201731442},
   adsurl = {http://adsabs.harvard.edu/abs/2018A%26A...609A.117T},
  adsnote = {Provided by the SAO/NASA Astrophysics Data System}
}

@ARTICLE{West:2011,
   author = {{West}, A.~A. and {Morgan}, D.~P. and {Bochanski}, J.~J. and 
  {Andersen}, J.~M. and {Bell}, K.~J. and {Kowalski}, A.~F. and 
  {Davenport}, J.~R.~A. and {Hawley}, S.~L. and {Schmidt}, S.~J. and 
  {Bernat}, D. and {Hilton}, E.~J. and {Muirhead}, P. and {Covey}, K.~R. and 
  {Rojas-Ayala}, B. and {Schlawin}, E. and {Gooding}, M. and {Schluns}, K. and 
  {Dhital}, S. and {Pineda}, J.~S. and {Jones}, D.~O.},
    title = "{The Sloan Digital Sky Survey Data Release 7 Spectroscopic M Dwarf Catalog. I. Data}",
  journal = {\aj},
archivePrefix = "arXiv",
   eprint = {1101.1082},
 primaryClass = "astro-ph.SR",
 keywords = {brown dwarfs, Galaxy: kinematics and dynamics, stars: abundances, stars: activity, stars: late-type, stars: low-mass},
     year = 2011,
    month = mar,
   volume = 141,
      eid = {97},
    pages = {97},
      doi = {10.1088/0004-6256/141/3/97},
   adsurl = {http://adsabs.harvard.edu/abs/2011AJ....141...97W},
  adsnote = {Provided by the SAO/NASA Astrophysics Data System}
}

@ARTICLE{Zasowski:2013,
   author = {{Zasowski}, G. and {Johnson}, J.~A. and {Frinchaboy}, P.~M. and 
  {Majewski}, S.~R. and {Nidever}, D.~L. and {Rocha Pinto}, H.~J. and 
  {Girardi}, L. and {Andrews}, B. and {Chojnowski}, S.~D. and 
  {Cudworth}, K.~M. and {Jackson}, K. and {Munn}, J. and {Skrutskie}, M.~F. and 
  {Beaton}, R.~L. and {Blake}, C.~H. and {Covey}, K. and {Deshpande}, R. and 
  {Epstein}, C. and {Fabbian}, D. and {Fleming}, S.~W. and {Garcia Hernandez}, D.~A. and 
  {Herrero}, A. and {Mahadevan}, S. and {M{\'e}sz{\'a}ros}, S. and 
  {Schultheis}, M. and {Sellgren}, K. and {Terrien}, R. and {van Saders}, J. and 
  {Allende Prieto}, C. and {Bizyaev}, D. and {Burton}, A. and 
  {Cunha}, K. and {da Costa}, L.~N. and {Hasselquist}, S. and 
  {Hearty}, F. and {Holtzman}, J. and {Garc{\'{\i}}a P{\'e}rez}, A.~E. and 
  {Maia}, M.~A.~G. and {O'Connell}, R.~W. and {O'Donnell}, C. and 
  {Pinsonneault}, M. and {Santiago}, B.~X. and {Schiavon}, R.~P. and 
  {Shetrone}, M. and {Smith}, V. and {Wilson}, J.~C.},
    title = "{Target Selection for the Apache Point Observatory Galactic Evolution Experiment (APOGEE)}",
  journal = {\aj},
archivePrefix = "arXiv",
   eprint = {1308.0351},
 keywords = {Galaxy: abundances, Galaxy: kinematics and dynamics, stars: general, surveys },
     year = 2013,
    month = oct,
   volume = 146,
      eid = {81},
    pages = {81},
      doi = {10.1088/0004-6256/146/4/81},
   adsurl = {http://adsabs.harvard.edu/abs/2013AJ....146...81Z},
  adsnote = {Provided by the SAO/NASA Astrophysics Data System}
}

