
@ARTICLE{Casey:2016,
   author = {{Casey}, A.~R. and {Hogg}, D.~W. and {Ness}, M. and {Rix}, H.-W. and 
  {Ho}, A.~Q. and {Gilmore}, G.},
    title = "{The Cannon 2: A data-driven model of stellar spectra for detailed chemical abundance analyses}",
  journal = {ArXiv e-prints},
archivePrefix = "arXiv",
   eprint = {1603.03040},
 primaryClass = "astro-ph.SR",
 keywords = {Astrophysics - Solar and Stellar Astrophysics},
     year = 2016,
    month = mar,
   adsurl = {http://adsabs.harvard.edu/abs/2016arXiv160303040C},
  adsnote = {Provided by the SAO/NASA Astrophysics Data System}
}

@ARTICLE{Desphande:2013,
   author = {{Deshpande}, R. and {Blake}, C.~H. and {Bender}, C.~F. and {Mahadevan}, S. and 
  {Terrien}, R.~C. and {Carlberg}, J.~K. and {Zasowski}, G. and 
  {Crepp}, J. and {Rajpurohit}, A.~S. and {Reyl{\'e}}, C. and 
  {Nidever}, D.~L. and {Schneider}, D.~P. and {Allende Prieto}, C. and 
  {Bizyaev}, D. and {Ebelke}, G. and {Fleming}, S.~W. and {Frinchaboy}, P.~M. and 
  {Ge}, J. and {Hearty}, F. and {Hern{\'a}ndez}, J. and {Malanushenko}, E. and 
  {Malanushenko}, V. and {Majewski}, S.~R. and {Marchwinski}, R. and 
  {Muna}, D. and {Oravetz}, D. and {Pan}, K. and {Schiavon}, R.~P. and 
  {Shetrone}, M. and {Simmons}, A. and {Stassun}, K.~G. and {Wilson}, J.~C. and 
  {Wisniewski}, J.~P.},
    title = "{The SDSS-III APOGEE Radial Velocity Survey of M Dwarfs. I. Description of the Survey and Science Goals}",
  journal = {\aj},
archivePrefix = "arXiv",
   eprint = {1307.8121},
 primaryClass = "astro-ph.SR",
 keywords = {binaries: spectroscopic, instrumentation: spectrographs, methods: observational, stars: fundamental parameters, stars: low-mass, techniques: radial velocities},
     year = 2013,
    month = dec,
   volume = 146,
      eid = {156},
    pages = {156},
      doi = {10.1088/0004-6256/146/6/156},
   adsurl = {http://adsabs.harvard.edu/abs/2013AJ....146..156D},
  adsnote = {Provided by the SAO/NASA Astrophysics Data System}
}

@ARTICLE{Ho:2017a,
   author = {{Ho}, A.~Y.~Q. and {Ness}, M.~K. and {Hogg}, D.~W. and {Rix}, H.-W. and 
  {Liu}, C. and {Yang}, F. and {Zhang}, Y. and {Hou}, Y. and {Wang}, Y.
  },
    title = "{Label Transfer from APOGEE to LAMOST: Precise Stellar Parameters for 450,000 LAMOST Giants}",
  journal = {\apj},
archivePrefix = "arXiv",
   eprint = {1602.00303},
 primaryClass = "astro-ph.SR",
 keywords = {catalogs, methods: data analysis, methods: statistical, stars: abundances, stars: fundamental parameters, techniques: spectroscopic},
     year = 2017,
    month = feb,
   volume = 836,
      eid = {5},
    pages = {5},
      doi = {10.3847/1538-4357/836/1/5},
   adsurl = {http://adsabs.harvard.edu/abs/2017ApJ...836....5H},
  adsnote = {Provided by the SAO/NASA Astrophysics Data System}
}

@ARTICLE{Ho:2017b,
   author = {{Ho}, A.~Y.~Q. and {Rix}, H.-W. and {Ness}, M.~K. and {Hogg}, D.~W. and 
  {Liu}, C. and {Ting}, Y.-S.},
    title = "{Masses and Ages for 230,000 LAMOST Giants, via Their Carbon and Nitrogen Abundances}",
  journal = {\apj},
archivePrefix = "arXiv",
   eprint = {1609.03195},
 primaryClass = "astro-ph.SR",
 keywords = {methods: data analysis, methods: statistical, stars: abundances, stars: fundamental parameters, surveys, techniques: spectroscopic},
     year = 2017,
    month = may,
   volume = 841,
      eid = {40},
    pages = {40},
      doi = {10.3847/1538-4357/aa6db3},
   adsurl = {http://adsabs.harvard.edu/abs/2017ApJ...841...40H},
  adsnote = {Provided by the SAO/NASA Astrophysics Data System}
}

@ARTICLE{Majewski:2015,
   author = {{Majewski}, S.~R. and {Schiavon}, R.~P. and {Frinchaboy}, P.~M. and 
  {Allende Prieto}, C. and {Barkhouser}, R. and {Bizyaev}, D. and 
  {Blank}, B. and {Brunner}, S. and {Burton}, A. and {Carrera}, R. and 
  {Chojnowski}, S.~D. and {Cunha}, K. and {Epstein}, C. and {Fitzgerald}, G. and 
  {Garc{\'{\i}}a P{\'e}rez}, A.~E. and {Hearty}, F.~R. and {Henderson}, C. and 
  {Holtzman}, J.~A. and {Johnson}, J.~A. and {Lam}, C.~R. and 
  {Lawler}, J.~E. and {Maseman}, P. and {M{\'e}sz{\'a}ros}, S. and 
  {Nelson}, M. and {Nguyen}, D.~C. and {Nidever}, D.~L. and {Pinsonneault}, M. and 
  {Shetrone}, M. and {Smee}, S. and {Smith}, V.~V. and {Stolberg}, T. and 
  {Skrutskie}, M.~F. and {Walker}, E. and {Wilson}, J.~C. and 
  {Zasowski}, G. and {Anders}, F. and {Basu}, S. and {Beland}, S. and 
  {Blanton}, M.~R. and {Bovy}, J. and {Brownstein}, J.~R. and 
  {Carlberg}, J. and {Chaplin}, W. and {Chiappini}, C. and {Eisenstein}, D.~J. and 
  {Elsworth}, Y. and {Feuillet}, D. and {Fleming}, S.~W. and {Galbraith-Frew}, J. and 
  {Garc{\'{\i}}a}, R.~A. and {Garc{\'{\i}}a-Hern{\'a}ndez}, D.~A. and 
  {Gillespie}, B.~A. and {Girardi}, L. and {Gunn}, J.~E. and {Hasselquist}, S. and 
  {Hayden}, M.~R. and {Hekker}, S. and {Ivans}, I. and {Kinemuchi}, K. and 
  {Klaene}, M. and {Mahadevan}, S. and {Mathur}, S. and {Mosser}, B. and 
  {Muna}, D. and {Munn}, J.~A. and {Nichol}, R.~C. and {O'Connell}, R.~W. and 
  {Parejko}, J.~K. and {Robin}, A.~C. and {Rocha-Pinto}, H. and 
  {Schultheis}, M. and {Serenelli}, A.~M. and {Shane}, N. and 
  {Silva Aguirre}, V. and {Sobeck}, J.~S. and {Thompson}, B. and 
  {Troup}, N.~W. and {Weinberg}, D.~H. and {Zamora}, O.},
    title = "{The Apache Point Observatory Galactic Evolution Experiment (APOGEE)}",
  journal = {\aj},
archivePrefix = "arXiv",
   eprint = {1509.05420},
 primaryClass = "astro-ph.IM",
 keywords = {Galaxy: abundances, Galaxy: evolution, Galaxy: formation, Galaxy: kinematics and dynamics, Galaxy: stellar content, Galaxy: structure},
     year = 2015,
    month = sep,
   volume = 154,
      eid = {94},
    pages = {94},
      doi = {10.3847/1538-3881/aa784d},
   adsurl = {http://adsabs.harvard.edu/abs/2017AJ....154...94M},
  adsnote = {Provided by the SAO/NASA Astrophysics Data System}
}

@ARTICLE{Mann:2015,
   author = {{Mann}, A.~W. and {Feiden}, G.~A. and {Gaidos}, E. and {Boyajian}, T. and 
  {von Braun}, K.},
    title = "{How to Constrain Your M Dwarf: Measuring Effective Temperature, Bolometric Luminosity, Mass, and Radius}",
  journal = {\apj},
archivePrefix = "arXiv",
   eprint = {1501.01635},
 primaryClass = "astro-ph.SR",
 keywords = {planetary systems, stars: abundances, stars: fundamental parameters, stars: late-type, stars: low-mass, stars: statistics},
     year = 2015,
    month = may,
   volume = 804,
      eid = {64},
    pages = {64},
      doi = {10.1088/0004-637X/804/1/64},
   adsurl = {http://adsabs.harvard.edu/abs/2015ApJ...804...64M},
  adsnote = {Provided by the SAO/NASA Astrophysics Data System}
}

@ARTICLE{Ness:2015,
   author = {{Ness}, M. and {Hogg}, D.~W. and {Rix}, H.-W. and {Ho}, A.~Y.~Q. and 
  {Zasowski}, G.},
    title = "{The Cannon: A data-driven approach to Stellar Label Determination}",
  journal = {\apj},
archivePrefix = "arXiv",
   eprint = {1501.07604},
 primaryClass = "astro-ph.SR",
 keywords = {methods: data analysis, methods: statistical, stars: abundances, stars: fundamental parameters, surveys, techniques: spectroscopic},
     year = 2015,
    month = jul,
   volume = 808,
      eid = {16},
    pages = {16},
      doi = {10.1088/0004-637X/808/1/16},
   adsurl = {http://adsabs.harvard.edu/abs/2015ApJ...808...16N},
  adsnote = {Provided by the SAO/NASA Astrophysics Data System}
}

@ARTICLE{Perez:2016,
   author = {{Garc{\'{\i}}a P{\'e}rez}, A.~E. and {Allende Prieto}, C. and 
  {Holtzman}, J.~A. and {Shetrone}, M. and {M{\'e}sz{\'a}ros}, S. and 
  {Bizyaev}, D. and {Carrera}, R. and {Cunha}, K. and {Garc{\'{\i}}a-Hern{\'a}ndez}, D.~A. and 
  {Johnson}, J.~A. and {Majewski}, S.~R. and {Nidever}, D.~L. and 
  {Schiavon}, R.~P. and {Shane}, N. and {Smith}, V.~V. and {Sobeck}, J. and 
  {Troup}, N. and {Zamora}, O. and {Weinberg}, D.~H. and {Bovy}, J. and 
  {Eisenstein}, D.~J. and {Feuillet}, D. and {Frinchaboy}, P.~M. and 
  {Hayden}, M.~R. and {Hearty}, F.~R. and {Nguyen}, D.~C. and 
  {O'Connell}, R.~W. and {Pinsonneault}, M.~H. and {Wilson}, J.~C. and 
  {Zasowski}, G.},
    title = "{ASPCAP: The APOGEE Stellar Parameter and Chemical Abundances Pipeline}",
  journal = {\aj},
archivePrefix = "arXiv",
   eprint = {1510.07635},
 primaryClass = "astro-ph.SR",
 keywords = {Galaxy: center, Galaxy: structure, methods: data analysis, stars: abundances, stars: atmospheres},
     year = 2016,
    month = jun,
   volume = 151,
      eid = {144},
    pages = {144},
      doi = {10.3847/0004-6256/151/6/144},
   adsurl = {http://adsabs.harvard.edu/abs/2016AJ....151..144G},
  adsnote = {Provided by the SAO/NASA Astrophysics Data System}
}

@ARTICLE{Rajpurohit:2018,
   author = {{Rajpurohit}, A.~S. and {Allard}, F. and {Teixeira}, G.~D.~C. and 
  {Homeier}, D. and {Rajpurohit}, S. and {Mousis}, O.},
    title = "{Photospheric properties and fundamental parameters of M dwarfs}",
  journal = {\aap},
archivePrefix = "arXiv",
   eprint = {1708.06211},
 primaryClass = "astro-ph.SR",
 keywords = {stars: atmospheres, stars: fundamental parameters, stars: low-mass, stars: late-type},
     year = 2018,
    month = feb,
   volume = 610,
      eid = {A19},
    pages = {A19},
      doi = {10.1051/0004-6361/201731507},
   adsurl = {http://adsabs.harvard.edu/abs/2018A%26A...610A..19R},
  adsnote = {Provided by the SAO/NASA Astrophysics Data System}
}

@ARTICLE{Rojas-Ayala:2012,
   author = {{Rojas-Ayala}, B. and {Covey}, K.~R. and {Muirhead}, P.~S. and 
  {Lloyd}, J.~P.},
    title = "{Metallicity and Temperature Indicators in M Dwarf K-band Spectra: Testing New and Updated Calibrations with Observations of 133 Solar Neighborhood M Dwarfs}",
  journal = {\apj},
archivePrefix = "arXiv",
   eprint = {1112.4567},
 primaryClass = "astro-ph.SR",
 keywords = {stars: abundances, stars: fundamental parameters, stars: late-type},
     year = 2012,
    month = apr,
   volume = 748,
      eid = {93},
    pages = {93},
      doi = {10.1088/0004-637X/748/2/93},
   adsurl = {http://adsabs.harvard.edu/abs/2012ApJ...748...93R},
  adsnote = {Provided by the SAO/NASA Astrophysics Data System}
}

@ARTICLE{Schmidt:2016,
   author = {{Schmidt}, S.~J. and {Wagoner}, E.~L. and {Johnson}, J.~A. and 
	{Davenport}, J.~R.~A. and {Stassun}, K.~G. and {Souto}, D. and 
	{Ge}, J.},
    title = "{Examining the relationships between colour, T$_{eff}$, and [M/H] for APOGEE K and M dwarfs}",
  journal = {\mnras},
archivePrefix = "arXiv",
   eprint = {1605.03732},
 primaryClass = "astro-ph.SR",
 keywords = {surveys, stars: abundances, stars: fundamental parameters, stars: late-type, stars: low-mass},
     year = 2016,
    month = aug,
   volume = 460,
    pages = {2611-2624},
      doi = {10.1093/mnras/stw1139},
   adsurl = {http://adsabs.harvard.edu/abs/2016MNRAS.460.2611S},
  adsnote = {Provided by the SAO/NASA Astrophysics Data System}
}

@ARTICLE{Souto:2017,
   author = {{Souto}, D. and {Cunha}, K. and {Garc{\'{\i}}a-Hern{\'a}ndez}, D.~A. and 
  {Zamora}, O. and {Allende Prieto}, C. and {Smith}, V.~V. and 
  {Mahadevan}, S. and {Blake}, C. and {Johnson}, J.~A. and {J{\"o}nsson}, H. and 
  {Pinsonneault}, M. and {Holtzman}, J. and {Majewski}, S.~R. and 
  {Shetrone}, M. and {Teske}, J. and {Nidever}, D. and {Schiavon}, R. and 
  {Sobeck}, J. and {Garc{\'{\i}}a P{\'e}rez}, A.~E. and {G{\'o}mez Maqueo Chew}, Y. and 
  {Stassun}, K.},
    title = "{Chemical Abundances of M-dwarfs from the APOGEE Survey. I. The Exoplanet Hosting Stars Kepler-138 and Kepler-186}",
  journal = {\apj},
archivePrefix = "arXiv",
   eprint = {1612.01598},
 primaryClass = "astro-ph.SR",
 keywords = {infrared: stars, planetary systems, planet{\ndash}star interactions, stars: abundances, stars: fundamental parameters, stars: low-mass},
     year = 2017,
    month = feb,
   volume = 835,
      eid = {239},
    pages = {239},
      doi = {10.3847/1538-4357/835/2/239},
   adsurl = {http://adsabs.harvard.edu/abs/2017ApJ...835..239S},
  adsnote = {Provided by the SAO/NASA Astrophysics Data System}
}

@ARTICLE{West:2011,
   author = {{West}, A.~A. and {Morgan}, D.~P. and {Bochanski}, J.~J. and 
  {Andersen}, J.~M. and {Bell}, K.~J. and {Kowalski}, A.~F. and 
  {Davenport}, J.~R.~A. and {Hawley}, S.~L. and {Schmidt}, S.~J. and 
  {Bernat}, D. and {Hilton}, E.~J. and {Muirhead}, P. and {Covey}, K.~R. and 
  {Rojas-Ayala}, B. and {Schlawin}, E. and {Gooding}, M. and {Schluns}, K. and 
  {Dhital}, S. and {Pineda}, J.~S. and {Jones}, D.~O.},
    title = "{The Sloan Digital Sky Survey Data Release 7 Spectroscopic M Dwarf Catalog. I. Data}",
  journal = {\aj},
archivePrefix = "arXiv",
   eprint = {1101.1082},
 primaryClass = "astro-ph.SR",
 keywords = {brown dwarfs, Galaxy: kinematics and dynamics, stars: abundances, stars: activity, stars: late-type, stars: low-mass},
     year = 2011,
    month = mar,
   volume = 141,
      eid = {97},
    pages = {97},
      doi = {10.1088/0004-6256/141/3/97},
   adsurl = {http://adsabs.harvard.edu/abs/2011AJ....141...97W},
  adsnote = {Provided by the SAO/NASA Astrophysics Data System}
}

@ARTICLE{Zasowski:2013,
   author = {{Zasowski}, G. and {Johnson}, J.~A. and {Frinchaboy}, P.~M. and 
  {Majewski}, S.~R. and {Nidever}, D.~L. and {Rocha Pinto}, H.~J. and 
  {Girardi}, L. and {Andrews}, B. and {Chojnowski}, S.~D. and 
  {Cudworth}, K.~M. and {Jackson}, K. and {Munn}, J. and {Skrutskie}, M.~F. and 
  {Beaton}, R.~L. and {Blake}, C.~H. and {Covey}, K. and {Deshpande}, R. and 
  {Epstein}, C. and {Fabbian}, D. and {Fleming}, S.~W. and {Garcia Hernandez}, D.~A. and 
  {Herrero}, A. and {Mahadevan}, S. and {M{\'e}sz{\'a}ros}, S. and 
  {Schultheis}, M. and {Sellgren}, K. and {Terrien}, R. and {van Saders}, J. and 
  {Allende Prieto}, C. and {Bizyaev}, D. and {Burton}, A. and 
  {Cunha}, K. and {da Costa}, L.~N. and {Hasselquist}, S. and 
  {Hearty}, F. and {Holtzman}, J. and {Garc{\'{\i}}a P{\'e}rez}, A.~E. and 
  {Maia}, M.~A.~G. and {O'Connell}, R.~W. and {O'Donnell}, C. and 
  {Pinsonneault}, M. and {Santiago}, B.~X. and {Schiavon}, R.~P. and 
  {Shetrone}, M. and {Smith}, V. and {Wilson}, J.~C.},
    title = "{Target Selection for the Apache Point Observatory Galactic Evolution Experiment (APOGEE)}",
  journal = {\aj},
archivePrefix = "arXiv",
   eprint = {1308.0351},
 keywords = {Galaxy: abundances, Galaxy: kinematics and dynamics, stars: general, surveys },
     year = 2013,
    month = oct,
   volume = 146,
      eid = {81},
    pages = {81},
      doi = {10.1088/0004-6256/146/4/81},
   adsurl = {http://adsabs.harvard.edu/abs/2013AJ....146...81Z},
  adsnote = {Provided by the SAO/NASA Astrophysics Data System}
}